@online{dataset,
    author = "UCI",
    title = "Census Income Data Set",
    note = {\url{"https://archive.ics.uci.edu/ml/datasets/Census+Income"}},
}

@online{metrics,
    author = "Machine Learning Metrics",
    title = "Tour of Evaluation Metrics for Imbalanced Classification",
    note = {\url{"https://machinelearningmastery.com/tour-of-evaluation-metrics-for-imbalanced-classification/"}},
}

@online{curves,
    author = "Machine Learning Matery",
    title = "How to Use ROC Curves and Precision-Recall Curves for Classification in Python",
    note = {\url{"https://machinelearningmastery.com/roc-curves-and-precision-recall-curves-for-classification-in-python/"}},
}
